@book{obrien08,
  title={The course syllabus: A learning-centered approach},
  author={O'Brien, Judith Grunert and Millis, Barbara J and Cohen, Margaret W},
  year=2008,
  address={San Francisco, CA},
  publisher={John Wiley \& Sons}
}

