
@incollection{glushko_resources_2015,
	edition = {3rd},
	title = {Resources in {Organizing} {Systems}},
	url = {http://disciplineoforganizing.org/},
	booktitle = {The {Discipline} of {Organizing}},
	publisher = {O'Reilly},
	author = {Glushko, Robert J.},
	year = {2015},
	pages = {169--230}
}