
@article{lee_what_2000,
	title = {What is a collection?},
	volume = {51},
	url = {http://onlinelibrary.wiley.com/doi/10.1002/1097-4571(2000)9999:9999%3C::AID-ASI1018%3E3.0.CO;2-T/full},
	number = {12},
	urldate = {2016-08-22TZ},
	journal = {Journal of the American Society for Information Science},
	author = {Lee, Hur-Li},
	year = {2000},
	pages = {1106--1113}
}

@misc{junus_digital_2014,
	type = {{MSU} {Libraries} {Blogs}},
	title = {Digital {Collections} and {Accessibility}},
	url = {http://blogpublic.lib.msu.edu/index.php/dscsandbox/digital-collection-and-accessibility},
	language = {English},
	urldate = {2015-09-03},
	journal = {Digital Scholarship Collaborative Sandbox},
	author = {Junus, Ranti},
	month = nov,
	year = {2014}
}

@incollection{glushko_activities_2015,
	edition = {3rd},
	title = {Activities in {Organizing} {Systems}},
	url = {http://disciplineoforganizing.org/},
	booktitle = {The {Discipline} of {Organizing}},
	publisher = {O'Reilly},
	author = {Glushko, Robert J.},
	year = {2015},
	pages = {97--168}
}