
@article{hadro_whats_2013,
	title = {Whatâ€™s the problem with self-publishing?},
	volume = {138},
	url = {http://lj.libraryjournal.com/2013/04/publishing/whats-the- problem-with-self-publishing/},
	number = {7},
	journal = {Library Journa},
	author = {Hadro, J.},
	year = {2013},
	pages = {34--36}
}

@techreport{_update_2013,
	title = {Update on the {Twitter} {Archive} at the {Library} of {Congress}.},
	url = {http://www.loc.gov/today/pr/2013/files/twitter_report_2013jan.pdf},
	institution = {Library of Congress},
	year = {2013}
}

@article{hunter_two_1981,
	title = {Two librarians, an archivist, and 13,000 images: {Collaborating} to build a digital collection.},
	volume = {80},
	url = {http://www.library.illinois.edu/orr/?mode=Jhttp://openurl.library.uiuc.edu/s fxlcl3/az]},
	doi = {10.1086/648464},
	number = {1},
	journal = {Library Quarterly},
	author = {Hunter, Legg, N. C. and Oehlerts, J.B.},
	year = {1981},
	pages = {81--103}
}

@article{lewis_stacks_2013,
	title = {From stacks to the web: the transformation of academic library collecting.},
	volume = {14},
	url = {http://crl.acrl.org/content/74/2/159.full.pdf+html},
	doi = {10.5860/crl-309},
	number = {2},
	journal = {College \& Research Libraries},
	author = {Lewis, D. W.},
	year = {2013},
	pages = {159--176}
}