
@article{asher_paths_2013,
	title = {Paths of {Discovery}: {Comparing} the {Search} {Effectiveness} of {EBSCO} {Discovery} {Service}, {Summon}, {Google} {Scholar}, and {Conventional} {Library} {Resources}},
	volume = {74},
	url = {http://dx.doi.org/10.5860/crl-374},
	doi = {10.5860/crl-374},
	number = {5},
	journal = {College \& Research Libraries},
	author = {Asher, Andrew D and Duke, Lynda M and Wilson, Suzanne},
	year = {2013},
	pages = {464--488}
}

@incollection{peters_philosophy_2002,
	series = {Lecture {Notes} in {Computer} {Science}},
	title = {The {Philosophy} of {Information} {Retrieval} {Evaluation}},
	volume = {2406},
	isbn = {978-3-540-44042-0},
	url = {http://dx.doi.org/10.1007/3-540-45691-0_34},
	language = {English},
	booktitle = {Evaluation of {Cross}-{Language} {Information} {Retrieval} {Systems}},
	publisher = {Springer Berlin Heidelberg},
	author = {Voorhees, EllenM.},
	editor = {Peters, Carol and Braschler, Martin and Gonzalo, Julio and Kluck, Michael},
	month = jan,
	year = {2002},
	pages = {355--370}
}