
@misc{american_library_assocation_knowledge_2006,
	type = {Text},
	title = {Knowledge and competencies statements developed by relevant professional organizations},
	url = {http://www.ala.org/educationcareers/careers/corecomp/corecompspecial/knowledgecompetencies},
	abstract = {Specialized learning experiences are built upon a general foundation of library and information studies. The design of specialized learning experiences takes into account the statements of knowledge and competencies developed by relevant professional organizations. American Association of Law Libraries (AALL)AALL Guidelines for Graduate Programs in Law LibrarianshipSpecialized learning experiences are built upon a general foundation of library and information studies. The design of specialized learning experiences takes into account the statements of knowledge and competencies developed by relevant professional organizations.},
	language = {en},
	urldate = {2016-07-12TZ},
	journal = {Education \& Careers},
	author = {{American Library Assocation}},
	month = aug,
	year = {2006}
}

@techreport{american_library_association_alas_2009,
	title = {{ALA}â€™s {Core} {Competences} of {Librarianship}},
	url = {http://www.ala.org/educationcareers/sites/ala.org.educationcareers/files/content/careers/corecomp/corecompetences/finalcorecompstat09.pdf},
	author = {{American Library Association}},
	year = {2009},
	note = {Approved by the ALA Executive Board, October 25th 2008
Approved and adopted as policy by the ALA Council, January 27th 2009}
}

@book{glushko_discipline_2013,
	address = {Cambridge, MA},
	title = {The {Discipline} of {Organizing}},
	isbn = {9780262518505},
	url = {http://search.ebscohost.com/login.aspx?direct=true&db=nlebk&AN=709195&site=ehost-live},
	publisher = {The MIT Press},
	author = {Glushko, Robert J.},
	year = {2013},
	keywords = {Information organization, Information resources management, LANGUAGE ARTS \& DISCIPLINES / Library \& Information Science / General, METADATA}
}

@incollection{taylor_organization_2009,
	address = {Westport, Conn},
	edition = {3rd},
	title = {Organization of recorded information},
	isbn = {159158700X},
	booktitle = {The {Organization} of {Information}},
	publisher = {Libraries Unlimited},
	author = {Taylor, Arlene and Joudrey, Daniel N.},
	year = {2009},
	pages = {1--38}
}