
@article{fidel_user-centered_1994,
	title = {User-centered indexing},
	volume = {45},
	url = {[Locate full text from http://sfx.carli.illinois.edu/sfxuiu/az]},
	number = {8},
	urldate = {2015-08-12TZ},
	journal = {Journal of the American Society for Information Science},
	author = {Fidel, Raya},
	year = {1994},
	pages = {572--576}
}

@article{_social_2011,
	title = {Social reproduction and exclusion in subject indexing: {A} comparison of public library {OPACs} and {LibraryThing} folksonomy.},
	volume = {67},
	url = {[Locate full text from http://sfx.carli.illinois.edu/sfxuiu/az]},
	number = {3},
	journal = {Journal of Documentation},
	author = {, J.; Rowley, J., Bates},
	year = {2011},
	pages = {431--448}
}

@article{gerolimos_tagging_2013,
	title = {Tagging for libraries: {A} review of the effectiveness of tagging systems for library catalogs},
	volume = {13},
	url = {[Locate full text from http://sfx.carli.illinois.edu/sfxuiu/az]},
	number = {1},
	journal = {Journal of Library Metadata},
	author = {Gerolimos, Michalis},
	year = {2013},
	pages = {36--58}
}

@article{gorman_authority_2004,
	title = {Authority control in the context of bibliographic control in the electronic environment},
	volume = {38},
	url = {[Locate full text from http://sfx.carli.illinois.edu/sfxuiu/az]},
	number = {3-4},
	journal = {Cataloging \& Classification Quarterly},
	author = {Gorman, Michael},
	year = {2004},
	pages = {11--22}
}

@article{olson_power_2001,
	title = {The power to name: {Representation} in library catalogs},
	volume = {26},
	url = {[Locate full text from http://sfx.carli.illinois.edu/sfxuiu/az]},
	number = {3},
	journal = {Signs},
	author = {Olson, Hope A},
	year = {2001},
	pages = {639--668}
}