
@incollection{ferraris_social_2011,
	address = {Dordrecht},
	series = {Law, {Governance} and {Technology} {Series}},
	title = {Social {Ontology} and {Documentality}},
	volume = {1},
	url = {[Locate full text from http://vufind.carli.illinois.edu/vf-uiu/]},
	booktitle = {Approaches to {Legal} {Ontologies}: {Theories}, {Domains}, {Methodologies}},
	publisher = {Springer Netherlands},
	author = {Ferraris, Maurizio},
	editor = {Sartor, Giovanni and Casanovas, Pompeu and Biasiotti, Mariangela and Fernández-Barrera, Meritxell},
	year = {2011},
	pages = {83--97}
}

@article{lavoie_making_2006,
	title = {Making {Data} {Work} {Harder}},
	volume = {131},
	issn = {03630277},
	url = {[Locate full text from http://sfx.carli.illinois.edu/sfxuiu/az]},
	abstract = {The article argues that in a world of constantly increasing digital resources, libraries must work harder to make their data interesting, accessible and relevant. Areas were libraries will benefit by making their data work harder include collaborative collection management, collection views, library decision-making, user behavior and trend spotting. Extensive information about one's own library as well as outside resources can help make resources more useful.},
	number = {1},
	journal = {Library Journal},
	author = {Lavoie, Brian and Dempsey, Lorcan and Connaway, Lynn Silipigni},
	month = jan,
	year = {2006},
	keywords = {DECISION making, INFORMATION resources, LIBRARIES, METADATA, PUBLIC institutions},
	pages = {40--42}
}

@article{dyson_how_2011,
	title = {How we know},
	url = {http://www.nybooks.com/articles/archives/2011/mar/10/how-we-know/},
	journal = {The New York Review of Books},
	author = {Dyson, Freeman},
	month = mar,
	year = {2011}
}

@article{bush_as_1945,
	title = {As {We} {May} {Think}},
	volume = {176},
	url = {http://www.theatlantic.com/unbound/flashbks/computer/bushf.htm},
	number = {1},
	journal = {The Atlantic Monthly},
	author = {Bush, Vannevar},
	year = {1945},
	pages = {101--108}
}

@article{buckland_what_1997,
	title = {What is a “document”?},
	volume = {48},
	issn = {1097-4571},
	url = {[Locate full text from http://sfx.carli.illinois.edu/sfxuiu/az]},
	number = {9},
	journal = {Journal of the American Society for Information Science},
	author = {Buckland, Michael K.},
	month = sep,
	year = {1997},
	pages = {804--809}
}

@article{bates_invisible_1999,
	title = {The invisible substrate of information science},
	volume = {50},
	issn = {1097-4571},
	url = {[Locate full text from http://sfx.carli.illinois.edu/sfxuiu/az]},
	number = {12},
	journal = {Journal of the American Society for Information Science},
	author = {Bates, Marcia J.},
	month = jan,
	year = {1999},
	pages = {1043--1050}
}