
@incollection{glushko_organizing_2015,
	edition = {3rd},
	title = {The {Organizing} {System}: {Roadmap}},
	url = {http://disciplineoforganizing.org/},
	booktitle = {The {Discipline} of {Organizing}},
	publisher = {O'Reilly},
	author = {Glushko, Robert J.},
	year = {2015},
	pages = {543--570}
}