
@article{vogt_escience_2013,
	title = {{eScience} and the need for data standards in the life sciences: in pursuit of objectivity rather than truth},
	volume = {11},
	issn = {1477-2000},
	url = {http://dx.doi.org/10.1080/14772000.2013.818588},
	doi = {10.1080/14772000.2013.818588},
	number = {3},
	journal = {Systematics and Biodiversity},
	author = {Vogt, Lars},
	month = sep,
	year = {2013},
	pages = {257--270}
}

@inproceedings{derose_what_2014,
	address = {Washington, DC},
	series = {Balisage {Series} on {Markup} {Technologies}},
	title = {What do we still lack? {Or}: {Prolegomena} to any future hypertext system.},
	volume = {14},
	isbn = {978-1-935958-10-9},
	url = {http://dx.doi.org/10.4242/BalisageVol14.DeRose01},
	doi = {10.4242/BalisageVol14.DeRose01},
	booktitle = {Proceedings of the {Symposium} on {HTML}5 and {XML}},
	publisher = {Muberry Technologies, Inc.},
	author = {DeRose, Steven J.},
	month = aug,
	year = {2014}
}

@article{coombs_markup_1987,
	title = {Markup {Systems} and the {Future} of {Scholarly} {Text} {Processing}},
	volume = {30},
	issn = {0001-0782},
	url = {http://doi.acm.org.proxy2.library.illinois.edu/10.1145/32206.32209},
	doi = {10.1145/32206.32209},
	number = {11},
	journal = {Communications of the ACM},
	author = {Coombs, James H. and Renear, Allen H. and DeRose, Steven J.},
	month = nov,
	year = {1987},
	pages = {933--947}
}