
@incollection{glushko_describing_2015,
	edition = {3rd},
	title = {Describing {Relationships} and {Structures}},
	url = {http://disciplineoforganizing.org/},
	booktitle = {The {Discipline} of {Organizing}},
	publisher = {O'Reilly},
	author = {Glushko, Robert J.},
	year = {2015},
	pages = {295--344}
}

@article{bettels_unicode:_1993,
	title = {Unicode: {A} {Universal} {Character} {Code}},
	volume = {5},
	issn = {0898-901X},
	url = {[Locate full text from http://sfx.carli.illinois.edu/sfxuiu/az]},
	number = {3},
	journal = {Digital Tech. J.},
	author = {Bettels, JÃ¼rgen and Bishop, F. Avery},
	month = jun,
	year = {1993},
	pages = {21--31}
}